@misc{vaeorigin,
      title={Variational Autoencoders: A Hands-Off Approach to Volatility},
      author={Maxime Bergeron and Nicholas Fung and John Hull and Zissis Poulos},
      year={2021},
      eprint={2102.03945},
      archivePrefix={arXiv},
      primaryClass={q-fin.CP},
      url={https://arxiv.org/abs/2102.03945},
}

@misc{wolfram_volsurface_heston,
  author  = {Slava Solganik},
  title   = {Volatility Surface in the Heston Model},
  year    = {2011},
  url     = {https://demonstrations.wolfram.com/VolatilitySurfaceInTheHestonModel/},

}


@misc{wolfram_volsurface_sabr,
  author  = {Thomas Mazzoni},
  title   = {Implied and Local Volatility Dynamics in the SABR Model},
  year    = {2011},
  url     = {demonstrations.wolfram.com/ImpliedAndLocalVolatilityDynamicsInTheSABRModel/},

}

@misc{rombach2022highresolutionimagesynthesislatent,
      title={High-Resolution Image Synthesis with Latent Diffusion Models},
      author={Robin Rombach and Andreas Blattmann and Dominik Lorenz and Patrick Esser and Bj√∂rn Ommer},
      year={2022},
      eprint={2112.10752},
      archivePrefix={arXiv},
      primaryClass={cs.CV},
      url={https://arxiv.org/abs/2112.10752},
}